@article{khatri2021security,
  title={Security issues with in-vehicle networks, and enhanced countermeasures based on blockchain},
  author={Khatri, Narayan and Shrestha, Rakesh and Nam, Seung Yeob},
  journal={Electronics},
  volume={10},
  number={8},
  pages={893},
  year={2021},
  doi={10.3390/electronics10080893},
  url={https://doi.org/10.3390/electronics10080893}
}

@article{rathore2022invehicle,
  title={In-vehicle communication cyber security: Challenges and solutions},
  author={Rathore, Rajendra Singh and Hewage, Chaminda and Kaiwartya, Omprakash and Lloret, Jaime},
  journal={Sensors},
  volume={22},
  number={17},
  pages={6679},
  year={2022},
  doi={10.3390/s22176679},
  url={https://doi.org/10.3390/s22176679}
}

@thesis{talic_security,
  title={Security Analysis of Ethernet in Cars},
  author={Talic, Ammar},
  institution={KTH Royal Institute of Technology},
  address={Sweden},
}

@INPROCEEDINGS{Evaluationframe,
  author={Dupont, Guillaume and Den Hartog, Jerry and Etalle, Sandro and Lekidis, Alexios},
  booktitle={2019 IEEE International Conference on Connected Vehicles and Expo (ICCVE)}, 
  title={Evaluation Framework for Network Intrusion Detection Systems for In-Vehicle CAN}, 
  year={2019},
  volume={},
  number={},
  pages={1-6},
  keywords={In-vehicle networks;CAN bus;intrusion detection;car hacking},
  doi={10.1109/ICCVE45908.2019.8965028}}

  @article{kaiwartya2016internet,
  title={Internet of vehicles: Motivation, layered architecture, network model, challenges, and future aspects},
  author={Kaiwartya, Omprakash and Abdullah, Abdul Hanan and Cao, Yue and Altameem, Ayman and Prasad, Mukesh and Lin, Chin-Teng and Liu, Xiaoming},
  journal={IEEE Access},
  volume={4},
  pages={5356--5373},
  year={2016},
  doi={10.1109/ACCESS.2016.2603219},
  url={https://doi.org/10.1109/ACCESS.2016.2603219}
}

@inproceedings{zerfowski2019functional,
  title={Functional Architecture and E/E-Architecture--A Challenge for the Automotive Industry},
  author={Zerfowski, Dirk and Lock, Andreas},
  booktitle={19. Internationales Stuttgarter Symposium},
  pages={909--920},
  year={2019},
  publisher={Springer},
  address={Berlin/Heidelberg, Germany}
}

@techreport{klinedinst2016onboard,
  title={On Board Diagnostics: Risks and Vulnerabilities of the Connected Vehicle},
  author={Klinedinst, David and King, Christopher},
  year={2016},
  institution={CERT Coordination Center},
  address={Pittsburgh, PA, USA}
}

@techreport{valasek2014survey,
  title={A Survey of Remote Automotive Attack Surfaces},
  author={Valasek, Chris and Miller, Charlie},
  year={2014},
  institution={IOActive},
  note={Technical White Paper},
}
